
@book{novorg,
  title = {Novum organum Scientiarum},
  author = {Bacon, Francis},
  date = {1620},
  location = {{Londini}},
  annotation = {OCLC: 421820162},
  langid = {latin}
}

@book{boyercalc,
  title = {The {{History}} of the {{Calculus}} and {{Its Conceptual Development}}},
  author = {Boyer, Carl B.},
  date = {2012},
  publisher = {{Courier Corporation}},
  keywords = {Mathematics / Calculus,Mathematics / History & Philosophy},
  langid = {english},
}

@book{brownspec,
  title = {Physical {{Relativity}}: {{Space}}-Time Structure from a Dynamical Perspective},
  shorttitle = {Physical {{Relativity}}},
  author = {Brown, Harvey R.},
  journaltitle = {Physical Relativity},
  publisher = {{Oxford University Press}},
  langid = {american},
  date = {2005},
  chapters = {4,5},
}

@book{clavius,
  title = {Opera {{Mathematica}}},
  author = {Clavius, Christopher},
  date = {1612},
  volume = {3},
  pages = {2},
}

@article{craik,
  title = {Calculus and {{Analysis}} in {{Early}} 19th-{{Century Britain}}: {{The Work}} of {{William Wallace}}},
  shorttitle = {Calculus and {{Analysis}} in {{Early}} 19th-{{Century Britain}}},
  author = {Craik, Alex D. D.},
  date = {1999},
  journaltitle = {Historia Mathematica},
  shortjournal = {Historia Mathematica},
  volume = {26},
  langid = {english},
  number = {3}
}

@article{darrigol,
  title = {Henri {{Poincaré}}'s Criticism of {{Fin De Siècle}} Electrodynamics},
  author = {Darrigol, Olivier},
  date = {1995},
  journaltitle = {Studies in History and Philosophy of Science Part B: Studies in History and Philosophy of Modern Physics},
  shortjournal = {Studies in History and Philosophy of Science Part B: Studies in History and Philosophy of Modern Physics},
  volume = {26},
  pages = {1--44},
}

@article{foxl,
  title = {The {{Rise}} and {{Fall}} of {{Laplacian Physics}}},
  author = {Fox, Robert},
  date = {1974},
  journaltitle = {Historical Studies in the Physical Sciences},
  volume = {4},
  pages = {89--136},
  publisher = {{University of California Press}},
}

@book{gooding_faraday,
  title = {Final Steps to the Field Theory: {{Faraday}}'s Study of Magnetic Phenomena, 1845-1850.},
  shorttitle = {Final Steps to the Field Theory},
  author = {Gooding, David},
  date = {1981},
  location = {{Berkeley}},
} 
@article{greenberg_french,
  title = {Mathematical {{Physics}} in {{Eighteenth}}-{{Century France}}},
  author = {Greenberg, John L.},
  date = {1986},
  journaltitle = {Isis},
  volume = {77},
  pages = {59--78},
  publisher = {{[The University of Chicago Press, The History of Science Society]}},
  file = {/home/sulch/Zotero/storage/6YYVT6RW/Greenberg - 1986 - Mathematical Physics in Eighteenth-Century France.pdf},
  number = {1}
}

@book{guiccardinidevelopment,
  title = {The {{Development}} of {{Newtonian Calculus}} in {{Britain}}, 1700–1800},
  author = {Guicciardini, Niccolò},
  date = {1989},
  publisher = {{Cambridge University Press}},
  location = {{Cambridge}},
}

@article{dotage,
  title = {Dot-Age: {{Newton}}'s {{Mathematical Legacy}} in the {{Eighteenth Century}}},
  shorttitle = {Dot-Age},
  author = {Guicciardini, Niccolò},
  date = {2004},
  journaltitle = {Early Science and Medicine},
  volume = {9},
  pages = {218--256},
  langid = {english},
  number = {3}
}

@book{maxwellians,
  title = {The {{Maxwellians}}},
  author = {Hunt, Bruce J.},
  date = {1994},
  publisher = {{Cornell University Press}},
  langid = {english}
}

@article{heavyside,
  title = {Oliver {{Heaviside}}: {{A}} First-Rate Oddity},
  shorttitle = {Oliver {{Heaviside}}},
  author = {Hunt, Bruce J.},
  date = {2012},
  journaltitle = {Physics Today},
  shortjournal = {Physics Today},
  volume = {65},
  pages = {48--54},
  publisher = {{American Institute of Physics}},
  number = {11}
}

@book{specrel,
  title = {The {{Optics}} and {{Electrodynamics}} of {{Moving Bodies}}},
  author = {Janssen, Michel and Stachel, John J.},
  date = {2004},
  publisher = {{Max-Planck-Institute for the History of Science}},
  langid = {english},
}

@article{maxdynamicaltheory,
  title = {A Dynamical Theory of the Electromagnetic Field},
  author = {Maxwell, James Clerk},
  date = {1865},
  journaltitle = {Philosophical Transactions of the Royal Society of London},
  shortjournal = {Philosophical Transactions of the Royal Society of London},
  volume = {155},
  pages = {459--512},
  publisher = {{Royal Society}},
}

@inproceedings{maxfaradaylines,
  title = {On {{Faraday}}'s Lines of Force.},
  author = {Maxwell, James Clerk},
  date = {1856},
  publisher = {{Cambridge University Press}},
  location = {{Cambridge}},
  langid = {english}
}

@book{maxphysicallines,
  title = {On Physical Lines of Force},
  author = {Maxwell, James Clerk},
  date = {1861},
  publisher = {{Royal Society}},
  location = {{London}},
  langid = {english}
}

@book{maxscipapers,
  title = {The Scientific Papers of {{James Clerk Maxwell}}},
  author = {Maxwell, James Clerk and Niven, W. D},
  date = {1965},
  publisher = {{Dover Publications}},
  location = {{New York}},
  langid = {english}
}

@book{maxtreatise,
  title = {A Treatise on Electricity and Magnetism},
  author = {Maxwell, James Clerk},
  date = {1873},
  publisher = {{Clarendon Press}},
  location = {{Oxford}},
  langid = {english}
}

@book{merz,
  title = {A {{History}} of {{European Thought}} in the {{Nineteenth Century}}},
  author = {Merz, J.T.},
  date = {1896},
  pages = {Pp. xiv+, 458},
  publisher = {{London}},
  location = {{Blackwood \& Sons}},
  series = {A {{History}} of {{European Thought}} in the {{Nineteenth Century}}}
}

@book{newton_papers,
  title = {The {{Mathematical Papers}} of {{Isaac Newton}}},
  author = {Newton, Isaac and Whiteside, Derek T.},
  date = {1967/1981},
  volume = {7},
  publisher = {{Cambridge}},
}

@book{fond,
  title = {The {{Foundations}} of {{Science}}: {{Science}} and {{Hypothesis}}, the {{Value}} of {{Science}}, {{Science}} and {{Method}}},
  shorttitle = {The {{Foundations}} of {{Science}}},
  author = {Poincaré, Henri and Halsted, George Bruce},
  date = {1929},
  publisher = {{Science Press}},
  langid = {english},
  pages = {147},
}

@article{baconian,
  title = {{{Mathematics And Francis Bacon}}'{{s Natural Philosophy}}},
  author = {Rees, Graham},
  date = {1986},
  journaltitle = {Revue Internationale de Philosophie},
  volume = {40},
  pages = {399--426},
  publisher = {{Revue Internationale de Philosophie}},
  issue = {159 (4)}
}

@article{shapiro,
  title = {Newton's "{{Experimental Philosophy}}"},
  author = {Shapiro, Alan E.},
  date = {2004},
  journaltitle = {Early Science and Medicine},
  volume = {9},
  pages = {185--217},
  number = {3}
}

@article{newchart,
  title = {A {{New Chart}} for {{British Natural Philosophy}}: {{The Development}} of {{Energy Physics}} in the {{Nineteenth Century}}},
  shorttitle = {A {{New Chart}} for {{British Natural Philosophy}}},
  author = {Smith, Crosbie},
  date = {1978},
  journaltitle = {History of Science},
  pages = {231--279},
}

@book{taitletter,
  title = {Letter from {{Tait}} to {{Thomson}}, 12 {{December}} 1861},
  author = {Tait, Peter Guthrie},
  date = {1861},
  series = {Kelvin {{Papers}}}
}

@book{thomdynam,
  title = {On the Dynamical Theory of Heat, with Numerical Results Deduced from {{Mr Joule}}'s Equivalent of a Thermal Unit, and {{M}}. {{Regnault}}'s {{Observations}} on Steam.},
  author = {Thomson, William},
  date = {1851},
  volume = {20},
  pagetotal = {261-288},
  series = {Transactions of the {{Royal Society}} of {{Edinburgh}}}
}

@book{treatise,
  title = {Treatise on {{Natural Philosophy}}},
  author = {Thomson, William and Tait, Peter Guthrie},
  date = {1867},
  publisher = {{Clarendon Press}},
}

@book{westfall,
  title = {Never at {{Rest}}: {{A Biography}} of {{Isaac Newton}}},
  author = {Westfall, Richard S.},
  date = {1981},
  publisher = {{Cambridge University Press}},
  location = {{Cambridge}},
}

@book{newtprops,
  title = {{{MS}} {Add.},f. 243r},
  author = {Newton, Isaac},
  date = {1670/1710},
  publisher = {{Portsmouth Collection}},
}

@book{principia,
 author = {Newton, Isaac and Cohen, Bernard and Whitman, Anne and Budenz, Julia},
 edition = {3},
 publisher = {University of California Press},
 title = {The Principia: Mathematical Principles of Natural Philosophy},
 year = {1999},
 pages = {943},
}

@book{Gooding1985,
author={Gooding, David and James, Frank A. J. L.},
title={{In} {Nature}'s {School}': {Faraday} as an {Experimentalist}},
bookTitle={{Faraday} {Rediscovered}: {Essays} on the {Life} and {Work} of {Michael} {Faraday}, 1791--1867},
year={1985},
publisher={Macmillan Education UK},
address={London},
pages={105--136},
}

@book{matter,
author={Maxwell, James Clerk},
title={{Matter} and {Motion}},
year={1877},
publisher={Dover},
pages={89-90},
}

@book{clifford,
  title = {Elements of Dynamic: {{An}} Introduction to the Study of Motion and Rest in Solid and Fluid Bodies},
  author = {Clifford, W.K. and Tucker, R.},
  date = {1878},
  publisher = {{MacMillan and Company}},
  number = {v. 1-3},
}
@book{vecanal,
  title = {A {{History}} of {{Vector Analysis}}: {{The Evolution}} of the {{Idea}} of a {{Vectorial System}}},
  shorttitle = {A {{History}} of {{Vector Analysis}}},
  author = {Crowe, Michael J.},
  date = {1994},
  publisher = {{Courier Corporation}},
}
@book{poincare,
	title = {{Electricité} et {Optique}. {La} lumière et les {Théories} électrodynamiques ({Sorbonne} lectures of spring 1888, 1890, and 1899},
	author = {Poincaré, Henri and Blondin, Jules and Neculcea, Eugene},
	date = {1901},
	pages = {403-420}
}

@article{newtonprinc,
  title = {Newton's "{{Principles}} of {{Philosophy}}": {{An Intended Preface}} for the 1704 "{{Opticks}}" and a {{Related Draft Fragment}}},
  author = {Newton, Isaac and McGuire, J. E.},
  date = {1970},
  journaltitle = {The British Journal for the History of Science},
  volume = {5},
  pages = {178--186},
  publisher = {{Cambridge University Press}},
}

@article{rindler,
  title = {Einstein's {{Priority}} in {{Recognizing Time Dilation Physically}}},
  author = {Rindler, Wolfgang},
  date = {1970},
  journaltitle = {American Journal of Physics},
  shortjournal = {American Journal of Physics},
  volume = {38},
  pages = {1111--1115},
  publisher = {{American Association of Physics Teachers}},
}

@book{newtimg,
    author = {Kneller, Godfrey},
    title = {Portrait of {Newton} at 46},
    year = {1689},
}
@book{lapimg,
    author = {Guérin, Jean-Baptiste Paulin},
    title = { Pierre Simon Marquis de Laplace (1745-1827)},
    year = {1838},
}

@book{kimg,
    author = {Dickinson, Messrs},
    title = {Photograph of William Thomson, Lord Kelvin.},
    year = {1911},
}
@book{mimg,
    author = {Stodart, George},
    title = {Engraving of James Clerk Maxwell},
    year = {1890},
}
@book{pimg,
    author = {{Popular Science Monthly}},
    title = {Henri Poincaré},
    year = {1913},
}
