
@article{eylon1990,
  title = {Macro‐micro Relationships: The Missing Link between Electrostatics and Electrodynamics in Students’ Reasoning},
  shorttitle = {Macro‐micro Relationships},
  author = {Eylon, Bat‐Sheva and Ganiel‡, Uri},
  date = {1990-01},
  journaltitle = {International Journal of Science Education},
  shortjournal = {International Journal of Science Education},
  volume = {12},
  pages = {79--94},
  issn = {0950-0693, 1464-5289},
  doi = {10.1080/0950069900120107},
  url = {https://www.tandfonline.com/doi/full/10.1080/0950069900120107},
  urldate = {2021-02-26},
  file = {/home/sulch/Zotero/storage/QCACA3AX/Eylon and Ganiel‡ - 1990 - Macro‐micro relationships the missing link betwee.pdf},
  langid = {english},
  number = {1}
}


