@article{slotta,
  title = {In {{Defense}} of {{Chi}}'s {{Ontological Incompatibility Hypothesis}}},
  author = {Slotta, James D.},
  date = {2011-01-31},
  journaltitle = {Journal of the Learning Sciences},
  volume = {20},
  pages = {151--162},
  publisher = {{Routledge}},
  issn = {1050-8406},
  doi = {10.1080/10508406.2011.535691},
  number = {1}
}


