
@article{eylon1990,
  title = {Finite State Automata Worksheet 4},
  author = {Andrew, Wade and Georgiou, Nicholas},
  date = {2022},
}


