@incollection{prim,
  title = {Alternative {{Conceptions}} and {{P}}-{{Prims}}},
  booktitle = {Encyclopedia of {{Science Education}}},
  author = {{diSessa}, Andrea},
  editor = {Gunstone, Richard},
  date = {2015},
  pages = {34--37},
  publisher = {{Springer Netherlands}},
  location = {{Dordrecht}},
  doi = {10.1007/978-94-007-2150-0_87},
  isbn = {978-94-007-2150-0},
  keywords = {Conceptual change},
  langid = {english}
}


