
@article{afra2009,
  title = {Students’ {{Alternative Conceptions}} about {{Electricity}} and {{Effect}} of {{Inquiry}}-{{Based Teaching Strategies}}},
  author = {Afra, Nada Chatila and Osta, Iman and Zoubeir, Wassim},
  date = {2009-02-01},
  journaltitle = {International Journal of Science and Mathematics Education},
  shortjournal = {Int J of Sci and Math Educ},
  volume = {7},
  pages = {103--132},
  issn = {1573-1774},
  doi = {10.1007/s10763-007-9106-7},
  langid = {english},
  number = {1}
}

@article{ates2005,
  title = {The {{Effects}} of {{Learning Cycle}} on {{College Students}}' {{Understanding}} of {{Different Aspects}} in {{Resistive DC Circuits}}},
  author = {Ates, Salih},
  date = {2005-01-01},
  journaltitle = {The Electronic Journal for Research in Science \& Mathematics Education},
  issn = {2692-241X},
  keywords = {College,Education,Resistive DC Circuits,Science,Students},
  langid = {american}
}

@article{bagno2000,
  title = {From Fragmented Knowledge to a Knowledge Structure: {{Linking}} the Domains of Mechanics and Electromagnetism},
  shorttitle = {From Fragmented Knowledge to a Knowledge Structure},
  author = {Bagno, Esther and Eylon, Bat-Sheva and Ganiel, Uri},
  date = {2000-06-21},
  journaltitle = {American Journal of Physics},
  shortjournal = {American Journal of Physics},
  volume = {68},
  pages = {S16-S26},
  publisher = {{American Association of Physics Teachers}},
  issn = {0002-9505},
  doi = {10.1119/1.19515},
  number = {S1}
}

@article{chabay,
  title = {Restructuring the Introductory Electricity and Magnetism Course},
  author = {Chabay, Ruth and Sherwood, Bruce},
  date = {2006-03-14},
  journaltitle = {American Journal of Physics},
  shortjournal = {American Journal of Physics},
  volume = {74},
  pages = {329--336},
  publisher = {{American Association of Physics Teachers}},
  issn = {0002-9505},
  doi = {10.1119/1.2165249},
  number = {4}
}

@book{driver,
  title = {Making {{Sense}} of {{Secondary Science}}: {{Research Into Children}}'s {{Ideas}}},
  shorttitle = {Making {{Sense}} of {{Secondary Science}}},
  author = {Driver, Rosalind and Squires, Ann and Rushworth, Peter and Wood-Robinson, Valerie},
  date = {1994},
  publisher = {{Psychology Press}},
  isbn = {978-0-415-09765-9},
  keywords = {Education / General},
  langid = {english},
  pagetotal = {464}
}

@article{gupta2010,
  title = {The {{Case}} for {{Dynamic Models}} of {{Learners}}' {{Ontologies}} in {{Physics}}},
  author = {Gupta, Ayush and Hammer, David and Redish, Edward F.},
  date = {2010-07-19},
  journaltitle = {Journal of the Learning Sciences},
  volume = {19},
  pages = {285--321},
  publisher = {{Routledge}},
  issn = {1050-8406},
  doi = {10.1080/10508406.2010.491751},
  number = {3}
}

@article{gutwill99,
  title = {Making {{Their Own Connections}}: {{Students}}' {{Understanding}} of {{Multiple Models}} in {{Basic Electricity}}},
  shorttitle = {Making {{Their Own Connections}}},
  author = {Gutwill, Joshua P. and Frederiksen, John R. and White, Barbara Y.},
  date = {1999-09-01},
  journaltitle = {Cognition and Instruction},
  volume = {17},
  pages = {249--282},
  publisher = {{Routledge}},
  issn = {0737-0008},
  doi = {10.1207/S1532690XCI1703_2},
  number = {3}
}

@article{hartel82,
  title = {The {{Electric Circuit}} as a {{System}}: {{A New Approach}}},
  shorttitle = {The {{Electric Circuit}} as a {{System}}},
  author = {Härtel, H.},
  date = {1982-01-01},
  journaltitle = {European Journal of Science Education},
  shortjournal = {null},
  volume = {4},
  pages = {45--55},
  publisher = {{Routledge}},
  issn = {0140-5284},
  doi = {10.1080/0140528820040106},
  number = {1}
}

@article{kucu2007,
  title = {Secondary {{School Students}}’ {{Misconceptions}} about {{Simple Electric Circuits}}},
  author = {Küçüközer, Hüseyin and Kocakülah, Sabri},
  date = {2007-05},
  pages = {15},
  volume = {4},
  journal = {Journal of Turkish Science Education},
  langid = {english}
}

@article{lawsonlc2001,
  title = {Using the Learning Cycle to Teach Biology Concepts and Reasoning Patterns},
  author = {Lawson, Anton E.},
  date = {2001-09},
  journaltitle = {Journal of Biological Education},
  shortjournal = {Journal of Biological Education},
  volume = {35},
  pages = {165--169},
  issn = {0021-9266, 2157-6009},
  doi = {10.1080/00219266.2001.9655772},
  langid = {english},
  number = {4}
}

@article{lee2001,
  title = {Explorations in Promoting Conceptual Change in Electrical Concepts via Ontological Category Shift},
  author = {Lee, Yeung and Law, Nancy},
  date = {2001-02-01},
  journaltitle = {International Journal of Science Education},
  volume = {23},
  pages = {111--149},
  publisher = {{Routledge}},
  issn = {0950-0693},
  doi = {10.1080/09500690119851},
  number = {2}
}

@article{liege2003,
  title = {Improving High School Students' Understanding of Potential Difference in Simple Electric Circuits},
  author = {Liégeois, Laurent and Chasseigne, G′erard and Papin, Sophie and Mullet, Etienne},
  date = {2003-09-01},
  journaltitle = {International Journal of Science Education},
  volume = {25},
  pages = {1129--1145},
  publisher = {{Routledge}},
  issn = {0950-0693},
  doi = {10.1080/0950069022000017324},
  number = {9}
}

@article{mediating,
  title = {Factors Mediating the Effect of Gender on Ninth-Grade {{Turkish}} Students' Misconceptions Concerning Electric Circuits},
  author = {Sencar, Selen and Eryilmaz, Ali},
  date = {2004-08-01},
  journaltitle = {Journal of Research in Science Teaching},
  shortjournal = {Journal of Research in Science Teaching},
  volume = {41},
  pages = {603--616},
  publisher = {{John Wiley \& Sons, Ltd}},
  issn = {0022-4308},
  doi = {10.1002/tea.20016},
  number = {6}
}

@article{moodly19,
  title = {Teaching {{Electric Circuits}}: {{Teachers}}’ {{Perceptions}} and {{Learners}}’ {{Misconceptions}}},
  shorttitle = {Teaching {{Electric Circuits}}},
  author = {Moodley, Kimera and Gaigher, Estelle},
  date = {2019-02-01},
  journaltitle = {Research in Science Education},
  shortjournal = {Res Sci Educ},
  volume = {49},
  pages = {73--89},
  issn = {1573-1898},
  doi = {10.1007/s11165-017-9615-5},
  langid = {english},
  number = {1}
}

@online{NationalCurriculumEngland,
  title = {National Curriculum in {{England}}: Science Programmes of Study},
  shorttitle = {National Curriculum in {{England}}},
  url = {https://www.gov.uk/government/publications/national-curriculum-in-england-science-programmes-of-study/national-curriculum-in-england-science-programmes-of-study},
  urldate = {2021-02-25},
  file = {/home/sulch/Zotero/storage/5VTRZZ7U/national-curriculum-in-england-science-programmes-of-study.html},
  langid = {english},
  organization = {{GOV.UK}}
}

@article{psillos,
  title = {Voltage Presented as a Primary Concept in an Introductory Teaching Sequence on {{DC}} Circuits},
  author = {Psillos, Dimitris and Tiberghien, Andrée and Koumaras, Panagiotis},
  date = {1988-01-01},
  journaltitle = {International Journal of Science Education},
  volume = {10},
  pages = {29--43},
  publisher = {{Routledge}},
  issn = {0950-0693},
  doi = {10.1080/0950069880100104},
  number = {1}
}

@article{shipstone_children,
  title = {A Study of Children's Understanding of Electricity in Simple {{DC}} Circuits},
  author = {Shipstone, D. M.},
  date = {1984-04},
  journaltitle = {European Journal of Science Education},
  shortjournal = {European Journal of Science Education},
  volume = {6},
  pages = {185--198},
  issn = {0140-5284},
  doi = {10.1080/0140528840060208},
  langid = {english},
  number = {2}
}

@article{shipstone_europe,
  title = {A Study of Students’ Understanding of Electricity in Five {{European}} Countries},
  author = {Shipstone, D. M. and v Rhöneck, C. and Jung, W. and Kärrqvist, C. and Dupin, J.-J. and Johsua, S. and Licht, P.},
  date = {1988-07-01},
  journaltitle = {International Journal of Science Education},
  volume = {10},
  pages = {303--316},
  publisher = {{Routledge}},
  issn = {0950-0693},
  doi = {10.1080/0950069880100306},
  number = {3}
}

@article{so2003,
  title = {Learning {{Science}} through {{Investigations}}: {{An Experience}} with {{Hong Kong Primary School Children}}},
  shorttitle = {Learning {{Science}} through {{Investigations}}},
  author = {So, Winnie Wing-Mui},
  date = {2003-06-01},
  journaltitle = {International Journal of Science and Mathematics Education},
  shortjournal = {International Journal of Science and Mathematics Education},
  volume = {1},
  pages = {175--200},
  issn = {1573-1774},
  doi = {10.1023/B:IJMA.0000016852.19000.af},
  langid = {english},
  number = {2}
}

@article{suryadi2020,
  title = {Comparative {{Study}} of {{Secondary School Students}}' and {{Pre}}-{{Service Teachers}}' {{Misconception}} about {{Simple Electric Circuit}}},
  author = {Suryadi, A. and Kusairi, S. and Husna, D. A.},
  date = {2020-12-24},
  journaltitle = {Jurnal Pendidikan Fisika Indonesia},
  volume = {16},
  pages = {111--121},
  issn = {2355-3812},
  doi = {10.15294/jpfi.v16i2.21909},
  issue = {2},
  langid = {english},
  number = {2}
}

@article{ugur,
  title = {The {{Effects}} of {{Analogy}} on {{Students}}' {{Understanding}} of {{Direct Current Circuits}} and {{Attitudes}} towards {{Physics Lessons}}},
  author = {Ugur, Gokhan and Dilber, Refik and Senpolat, Yasemin and Duzgun, Bahattin},
  date = {2012},
  journaltitle = {European Journal of Educational Research},
  volume = {1},
  pages = {211--223},
  publisher = {{Eurasian Society of Educational Research Association}},
  issn = {2165-8714},
  langid = {english},
  number = {3}
}


@book{osb,
  title = {Learning in Science : The Implications of Children's Science},
  author = {Osborne, Roger and Freyberg, P. S. and Bell, Beverley.},
  date = {1985},
  publisher = {{Heinemann}},
  location = {{Auckland, N.Z.}},
  isbn = {0-86863-275-9 978-0-86863-275-9 0-435-57260-1 978-0-435-57260-0},
  langid = {english}
}
@incollection{prim,
  title = {Alternative {{Conceptions}} and {{P}}-{{Prims}}},
  booktitle = {Encyclopedia of {{Science Education}}},
  author = {{diSessa}, Andrea},
  editor = {Gunstone, Richard},
  date = {2015},
  pages = {34--37},
  publisher = {{Springer Netherlands}},
  location = {{Dordrecht}},
  doi = {10.1007/978-94-007-2150-0_87},
  isbn = {978-94-007-2150-0},
  keywords = {Conceptual change},
  langid = {english}
}

@article{slotta,
  title = {In {{Defense}} of {{Chi}}'s {{Ontological Incompatibility Hypothesis}}},
  author = {Slotta, James D.},
  date = {2011-01-31},
  journaltitle = {Journal of the Learning Sciences},
  volume = {20},
  pages = {151--162},
  publisher = {{Routledge}},
  issn = {1050-8406},
  doi = {10.1080/10508406.2011.535691},
  number = {1}
}
@article{eylon1990,
  title = {Macro‐micro Relationships: The Missing Link between Electrostatics and Electrodynamics in Students’ Reasoning},
  shorttitle = {Macro‐micro Relationships},
  author = {Eylon, Bat‐Sheva and Ganiel, Uri},
  date = {1990-01},
  journaltitle = {International Journal of Science Education},
  shortjournal = {International Journal of Science Education},
  volume = {12},
  pages = {79--94},
  issn = {0950-0693, 1464-5289},
  doi = {10.1080/0950069900120107},
  langid = {english},
  number = {1}
}
