
@book{osborneLearningScienceImplications1985,
  title = {Learning in Science : The Implications of Children's Science},
  author = {Osborne, Roger and Freyberg, P. S. and Bell, Beverley.},
  date = {1985},
  publisher = {{Heinemann}},
  location = {{Auckland, N.Z.}},
  isbn = {0-86863-275-9 978-0-86863-275-9 0-435-57260-1 978-0-435-57260-0},
  langid = {english}
}


